%% This BibTeX bibliography file was created using BibDesk.
%% https://bibdesk.sourceforge.io/

%% Created for Marte Urstad at 2020-10-07 11:30:39 +0200 


%% Saved with string encoding Unicode (UTF-8) 

@inproceedings{Berdasco.A,
  title={User experience comparison of intelligent personal assistants: Alexa, Google Assistant, Siri and Cortana},
  author={Berdasco, Ana and L{\'o}pez, Gustavo and Diaz, Ignacio and Quesada, Luis and Guerrero, Luis A},
  booktitle={Multidisciplinary Digital Publishing Institute Proceedings},
  volume={31},
  number={1},
  pages={51},
  year={2019}
}

@inproceedings{Clark.L,
  title={What makes a good conversation? challenges in designing truly conversational agents},
  author={Clark, Leigh and Pantidi, Nadia and Cooney, Orla and Doyle, Philip and Garaialde, Diego and Edwards, Justin and Spillane, Brendan and Gilmartin, Emer and Murad, Christine and Munteanu, Cosmin and others},
  booktitle={Proceedings of the 2019 CHI Conference on Human Factors in Computing Systems},
  pages={1--12},
  year={2019}
}

@inproceedings{Corbett.E,
  title={What can I say? Addressing user experience challenges of a mobile voice user interface for accessibility},
  author={Corbett, Eric and Weber, Astrid},
  booktitle={Proceedings of the 18th international conference on human-computer interaction with mobile devices and services},
  pages={72--82},
  year={2016}
}

@book{Fry.H,
  author    = {Hannah Fry}, 
  title     = {Hallo Verden - Hvordan v√¶re menneske i en verden styrt av datamaskiner},
  publisher = {Cappelen Damm},
  year      = 2020,
  volume    = 1,
  series    = ,
  address   = {Oslo, Norway},
  edition   = 1,
  month     = ,
  note      = {An optional note},
  isbn      = {9788281695207}
}

@webpage{GoogleDevelopers,
	Date-Added = {2020-10-23 10:54:24 +0200},
	Date-Modified = {2020-10-23 10:54:44 +0200},
	Lastchecked = {23. Oct. 2020},
	Url = {https://developers.google.com/assistant/conversational/df-asdk/design}
	}

@ARTICLE{He-Li-Chen,
  author={W. {He} and Z. {Li} and C. L. P. {Chen}},
  journal={IEEE/CAA Journal of Automatica Sinica}, 
  title={A survey of human-centered intelligent robots: issues and challenges}, 
  year={2017},
  volume={4},
  number={4},
  pages={602-609},
  doi={10.1109/JAS.2017.7510604}
  
  @article{hoy.m,
  title={Alexa, Siri, Cortana, and more: an introduction to voice assistants},
  author={Hoy, Matthew B},
  journal={Medical reference services quarterly},
  volume={37},
  number={1},
  pages={81--88},
  year={2018},
  publisher={Taylor \& Francis}
}

@webpage{Interaction-Design-Foundation-GUI,
	Date-Added = {2020-10-22 13:44:24 +0200},
	Date-Modified = {2020-10-22 13:44:44 +0200},
	Lastchecked = {22. Oct. 2020},
	Url = {https://www.interaction-design.org/literature/topics/ui-design}}

@webpage{Interaction-Design-Foundation-NUI,
	Date-Added = {2020-10-22 13:46:45 +0200},
	Date-Modified = {2020-10-22 13:46:59 +0200},
	Lastchecked = {22. Oct. 2020},
	Url = {https://www.interaction-design.org/literature/article/natural-user-interfaces-what-are-they-and-how-do-you-design-user-interfaces-that-feel-natural}}
	
@webpage{Interaction-Design-Foundation-VUI,
	Date-Added = {2020-10-22 13:45:59 +0200},
	Date-Modified = {2020-10-22 13:46:17 +0200},
	Lastchecked = {22. Oct. 2020},
	Url = {https://www.interaction-design.org/literature/topics/voice-user-interfaces}}

@inproceedings{Kaye.J,
  title={Panel: Voice Assistants, UX Design and Research},
  author={Kaye, Joseph'Jofish' and Fischer, Joel and Hong, Jason and Bentley, Frank R and Munteanu, Cosmin and Hiniker, Alexis and Tsai, Janice Y and Ammari, Tawfiq},
  booktitle={Extended Abstracts of the 2018 CHI Conference on Human Factors in Computing Systems},
  pages={1--5},
  year={2018}
}

@article{Kumar,
  title={A mass-produced sociable humanoid robot: Pepper: The first machine of its kind},
  author={Pandey, Amit Kumar and Gelin, Rodolphe},
  journal={IEEE Robotics \& Automation Magazine},
  volume={25},
  number={3},
  pages={40--48},
  year={2018},
  publisher={IEEE}
}

@inproceedings{Lopez.G,
  title={Alexa vs. Siri vs. Cortana vs. Google Assistant: a comparison of speech-based natural user interfaces},
  author={L{\'o}pez, Gustavo and Quesada, Luis and Guerrero, Luis A},
  booktitle={International Conference on Applied Human Factors and Ergonomics},
  pages={241--250},
  year={2017},
  organization={Springer}
}

@inproceedings{Neto.AT,
  title={Multimodal interfaces design issues: the fusion of well-designed voice and graphical user interfaces},
  author={Neto, Americo Talarico and Fortes, Renata Pontin M and da Silva Filho, Adalberto G},
  booktitle={Proceedings of the 26th annual ACM international conference on Design of communication},
  pages={277--278},
  year={2008}
}

 @article{turk.m,
  title={Multimodal interaction: A review},
  author={Turk, Matthew},
  journal={Pattern Recognition Letters},
  volume={36},
  pages={189--195},
  year={2014},
  publisher={Elsevier}
}

@inproceedings{pyae.a,
  title={Investigating the usability and user experiences of voice user interface: a case of Google home smart speaker},
  author={Pyae, Aung and Joelsson, Tapani N},
  booktitle={Proceedings of the 20th International Conference on Human-Computer Interaction with Mobile Devices and Services Adjunct},
  pages={127--131},
  year={2018}
}

@article{reeves.lm,
  title={Guidelines for multimodal user interface design},
  author={Reeves, Leah M and Lai, Jennifer and Larson, James A and Oviatt, Sharon and Balaji, TS and Buisine, St{\'e}phanie and Collings, Penny and Cohen, Phil and Kraal, Ben and Martin, Jean-Claude and others},
  journal={Communications of the ACM},
  volume={47},
  number={1},
  pages={57--59},
  year={2004},
  publisher={ACM New York, NY, USA}
}


@inproceedings{Willies,
  title={Human centered robotics: designing valuable experiences for social robots},
  author={Willis, Matthew},
  booktitle={Proceedings of HRI2018 Workshop (Social Robots in the Wild). ACM, New York},
  year={2018}
}

@inproceedings{Alexandre,
  title={Semantic-based interaction for teaching robot behavior compositions},
  author={Pal{\'e}ologue, Victor and Martin, Jocelyn and Pandey, Amit Kumar and Coninx, Alexandre and Chetouani, Mohamed},
  booktitle={2017 26th IEEE International Symposium on Robot and Human Interactive Communication (RO-MAN)},
  pages={50--55},
  year={2017},
  organization={IEEE}
}

@inproceedings{Baxter,
  title={Child-robot interaction: Perspectives and challenges},
  author={Belpaeme, Tony and Baxter, Paul and De Greeff, Joachim and Kennedy, James and Read, Robin and Looije, Rosemarijn and Neerincx, Mark and Baroni, Ilaria and Zelati, Mattia Coti},
  booktitle={International Conference on Social Robotics},
  pages={452--459},
  year={2013},
  organization={Springer}
}

@inproceedings{dignum,
  title={Contextualized planning using social practices},
  author={Dignum, Virginia and Dignum, Frank},
  booktitle={International Workshop on Coordination, Organizations, Institutions, and Norms in Agent Systems},
  pages={36--52},
  year={2014},
  organization={Springer}
}

@article{Lee,
  title={Are physically embodied social agents better than disembodied social agents?: The effects of physical embodiment, tactile interaction, and people's loneliness in human--robot interaction},
  author={Lee, Kwan Min and Jung, Younbo and Kim, Jaywoo and Kim, Sang Ryong},
  journal={International journal of human-computer studies},
  volume={64},
  number={10},
  pages={962--973},
  year={2006},
  publisher={Elsevier}
}