%% This BibTeX bibliography file was created using BibDesk.
%% https://bibdesk.sourceforge.io/

%% Created for Howie Chen  at 2020-09-24 11:42:08 +0200 


%% Saved with string encoding Unicode (UTF-8) 



@article{M_Kilde19,
	Author = {N{\ae}ss, Hans Erik and Pettersen, Lene},
	Date-Added = {2020-09-24 11:38:34 +0200},
	Date-Modified = {2020-09-24 11:38:34 +0200},
	Journal = {Oslo: Universitetsforlaget},
	Title = {Metodebok for kreative fag},
	Year = {2017}}

@book{kilde22,
	Address = {Oslo},
	Author = {Hannah Fry},
	Date-Added = {2020-09-24 11:36:47 +0200},
	Date-Modified = {2020-09-24 11:36:47 +0200},
	Edition = {1},
	Publisher = {Cappelen Damm},
	Title = {Hallo Verden - Hvordan v{\ae}re menneske i en verden styrt av maskiner},
	Volume = {1},
	Year = {2020}}

@book{Kilde21,
	Author = {Viswanathan, Kristin and Wizemann, Theresa and Altevogt, Bruce M},
	Date-Added = {2020-09-24 11:36:47 +0200},
	Date-Modified = {2020-09-24 11:36:47 +0200},
	Publisher = {National Academies Press},
	Title = {Preparedness and Response to a Rural Mass Casualty Incident},
	Year = {2011}}

@article{Kilde20,
	Author = {LeCun, Yann and Bengio, Yoshua and Hinton, Geoffrey},
	Date-Added = {2020-09-24 11:36:47 +0200},
	Date-Modified = {2020-09-24 11:36:47 +0200},
	Journal = {nature},
	Number = {7553},
	Pages = {436--444},
	Publisher = {Nature Publishing Group},
	Title = {Deep learning},
	Volume = {521},
	Year = {2015}}

@article{Kilde19,
	Author = {Dandu, Ravi Varma},
	Date-Added = {2020-09-24 11:36:47 +0200},
	Date-Modified = {2020-09-24 11:36:47 +0200},
	Journal = {The Indian journal of radiology \& imaging},
	Number = {4},
	Pages = {287},
	Publisher = {Wolters Kluwer--Medknow Publications},
	Title = {Storage media for computers in radiology},
	Volume = {18},
	Year = {2008}}

@article{Kilde18,
	Author = {Milley, Anne},
	Date-Added = {2020-09-24 11:36:47 +0200},
	Date-Modified = {2020-09-24 11:36:47 +0200},
	Journal = {Health Management Technology},
	Number = {8},
	Pages = {44--45},
	Publisher = {Nelson Publishing},
	Title = {Healthcare and data mining.},
	Volume = {21},
	Year = {2000}}

@article{Kilde17,
	Author = {Kincade, Kathy},
	Date-Added = {2020-09-24 11:36:47 +0200},
	Date-Modified = {2020-09-24 11:36:47 +0200},
	Journal = {Insurance \& Technology},
	Number = {2},
	Pages = {2--7},
	Title = {Data mining: digging for healthcare gold},
	Volume = {23},
	Year = {1998}}

@article{Kilde16,
	Author = {Scheers, Isabelle and Palermo, JJ and Freedman, S and Wilschanski, M and Shah, U and Abu-El-Hajia, M and Barth, B and Fishman, DS and Gariepy, C and Giefer, MJ and others},
	Date-Added = {2020-09-24 11:36:47 +0200},
	Date-Modified = {2020-09-24 11:36:47 +0200},
	Journal = {Journal of Pediatric Gastroenterology and Nutrition},
	Title = {NCBINCBI Logo Skip to main content Skip to navigation Resources How To About NCBI Accesskeys Sign in to NCBI PubMed US National Library of Medicine National Institutes of Health Search database Search term Clear input Advanced Help Result Filters Format: Abstract Send to J Pediatr Gastroenterol Nutr. 2018 May 9},
	Year = {2018}}

@article{Kilde15,
	Author = {Arbabshirani, Mohammad R and Fornwalt, Brandon K and Mongelluzzo, Gino J and Suever, Jonathan D and Geise, Brandon D and Patel, Aalpen A and Moore, Gregory J},
	Date-Added = {2020-09-24 11:36:47 +0200},
	Date-Modified = {2020-09-24 11:36:47 +0200},
	Journal = {NPJ digital medicine},
	Number = {1},
	Pages = {1--7},
	Publisher = {Nature Publishing Group},
	Title = {Advanced machine learning in action: identification of intracranial hemorrhage on computed tomography scans of the head with clinical workflow integration},
	Volume = {1},
	Year = {2018}}

@webpage{Kilde14,
	Date-Added = {2020-09-24 11:36:47 +0200},
	Date-Modified = {2020-09-24 11:36:47 +0200},
	Lastchecked = {19 May},
	Month = {May},
	Url = {https://www.forestdevices.com/},
	Year = {2020},
	Bdsk-Url-1 = {https://www.forestdevices.com/}}

@article{Kilde13,
	Author = {Dilsizian, Steven E and Siegel, Eliot L},
	Date-Added = {2020-09-24 11:36:47 +0200},
	Date-Modified = {2020-09-24 11:36:47 +0200},
	Journal = {Current cardiology reports},
	Number = {1},
	Pages = {441},
	Publisher = {Springer},
	Title = {Artificial intelligence in medicine and cardiac imaging: harnessing big data and advanced computing to provide personalized medical diagnosis and treatment},
	Volume = {16},
	Year = {2014}}

@article{Kilde12,
	Author = {Esteva, Andre and Kuprel, Brett and Novoa, Roberto A and Ko, Justin and Swetter, Susan M and Blau, Helen M and Thrun, Sebastian},
	Date-Added = {2020-09-24 11:36:47 +0200},
	Date-Modified = {2020-09-24 11:36:47 +0200},
	Journal = {Nature},
	Number = {7639},
	Pages = {115--118},
	Publisher = {Nature Publishing Group},
	Title = {Dermatologist-level classification of skin cancer with deep neural networks},
	Volume = {542},
	Year = {2017}}

@misc{Kilde11,
	Author = {Somashekhar, SP and Kumarc, R and Rauthan, A and Arun, KR and Patil, P and Ramya, YE},
	Date-Added = {2020-09-24 11:36:47 +0200},
	Date-Modified = {2020-09-24 11:36:47 +0200},
	Publisher = {AACR},
	Title = {Abstract S6-07: Double blinded validation study to assess performance of IBM artificial intelligence platform, Watson for oncology in comparison with Manipal multidisciplinary tumour board--First study of 638 breast cancer cases},
	Year = {2017}}

@article{Kilde10,
	Author = {Dilsizian, Steven E and Siegel, Eliot L},
	Date-Added = {2020-09-24 11:36:47 +0200},
	Date-Modified = {2020-09-24 11:36:47 +0200},
	Journal = {Current cardiology reports},
	Number = {1},
	Pages = {441},
	Publisher = {Springer},
	Title = {Artificial intelligence in medicine and cardiac imaging: harnessing big data and advanced computing to provide personalized medical diagnosis and treatment},
	Volume = {16},
	Year = {2014}}

@article{Kilde9,
	Author = {Darcy, Alison M and Louie, Alan K and Roberts, Laura Weiss},
	Date-Added = {2020-09-24 11:36:47 +0200},
	Date-Modified = {2020-09-24 11:36:47 +0200},
	Journal = {Jama},
	Number = {6},
	Pages = {551--552},
	Publisher = {American Medical Association},
	Title = {Machine learning and the profession of medicine},
	Volume = {315},
	Year = {2016}}

@webpage{Kilde8,
	Date-Added = {2020-09-24 11:36:47 +0200},
	Date-Modified = {2020-09-24 11:36:47 +0200},
	Keywords = {Artificial intelligence, watson, IBM, healthcare},
	Lastchecked = {16 May},
	Month = {May},
	Url = {https://www.ibm.com/watson-health},
	Year = {2020},
	Bdsk-Url-1 = {https://www.ibm.com/watson-health}}

@article{Kilde7,
	Author = {Jha, Saurabh and Topol, Eric J},
	Date-Added = {2020-09-24 11:36:47 +0200},
	Date-Modified = {2020-09-24 11:36:47 +0200},
	Journal = {Jama},
	Number = {22},
	Pages = {2353--2354},
	Publisher = {American Medical Association},
	Title = {Adapting to artificial intelligence: radiologists and pathologists as information specialists},
	Volume = {316},
	Year = {2016}}

@article{Kilde6,
	Author = {Patel, Vimla L and Shortliffe, Edward H and Stefanelli, Mario and Szolovits, Peter and Berthold, Michael R and Bellazzi, Riccardo and Abu-Hanna, Ameen},
	Date-Added = {2020-09-24 11:36:47 +0200},
	Date-Modified = {2020-09-24 11:36:47 +0200},
	Journal = {Artificial intelligence in medicine},
	Number = {1},
	Pages = {5--17},
	Publisher = {Elsevier},
	Title = {The coming of age of artificial intelligence in medicine},
	Volume = {46},
	Year = {2009}}

@article{Kilde5,
	Author = {Dilsizian, Steven E and Siegel, Eliot L},
	Date-Added = {2020-09-24 11:36:47 +0200},
	Date-Modified = {2020-09-24 11:36:47 +0200},
	Journal = {Current cardiology reports},
	Number = {1},
	Pages = {441},
	Publisher = {Springer},
	Title = {Artificial intelligence in medicine and cardiac imaging: harnessing big data and advanced computing to provide personalized medical diagnosis and treatment},
	Volume = {16},
	Year = {2014}}

@article{Kilde4,
	Author = {Jiang, Fei and Jiang, Yong and Zhi, Hui and Dong, Yi and Li, Hao and Ma, Sufeng and Wang, Yilong and Dong, Qiang and Shen, Haipeng and Wang, Yongjun},
	Date-Added = {2020-09-24 11:36:47 +0200},
	Date-Modified = {2020-09-24 11:36:47 +0200},
	Journal = {Stroke and vascular neurology},
	Number = {4},
	Pages = {230--243},
	Publisher = {BMJ Specialist Journals},
	Title = {Artificial intelligence in healthcare: past, present and future},
	Volume = {2},
	Year = {2017}}

@book{Kilde3,
	Author = {Kudyba, Stephan P},
	Date-Added = {2020-09-24 11:36:47 +0200},
	Date-Modified = {2020-09-24 11:36:47 +0200},
	Publisher = {CRC Press},
	Title = {Healthcare informatics: improving efficiency and productivity},
	Year = {2010}}

@book{Kilde2,
	Author = {Reason, James},
	Date-Added = {2020-09-24 11:36:47 +0200},
	Date-Modified = {2020-09-24 11:36:47 +0200},
	Publisher = {Cambridge university press},
	Title = {Human error},
	Year = {1990}}

@article{Kilde1,
	Author = {Brotcorne, Luce and Laporte, Gilbert and Semet, Frederic},
	Date-Added = {2020-09-24 11:36:47 +0200},
	Date-Modified = {2020-09-24 11:36:47 +0200},
	Journal = {European journal of operational research},
	Number = {3},
	Pages = {451--463},
	Publisher = {Elsevier},
	Title = {Ambulance location and relocation models},
	Volume = {147},
	Year = {2003}}

@book{M_Kilde18,
	Author = {Stickdorn, Marc and Hormess, Markus Edgar and Lawrence, Adam and Schneider, Jakob},
	Date-Added = {2020-09-24 11:33:32 +0200},
	Date-Modified = {2020-09-24 11:33:32 +0200},
	Publisher = {" O'Reilly Media, Inc."},
	Title = {This is service design methods: a companion to this is service design doing},
	Year = {2018}}

@book{M_Kilde17,
	Author = {Lazar, Jonathan and Feng, Jinjuan Heidi and Hochheiser, Harry},
	Date-Added = {2020-09-24 11:33:28 +0200},
	Date-Modified = {2020-09-24 11:33:28 +0200},
	Publisher = {Morgan Kaufmann},
	Title = {Research methods in human-computer interaction},
	Year = {2017}}

@book{M_Kilde16,
	Author = {Stickdorn, Marc and Hormess, Markus Edgar and Lawrence, Adam and Schneider, Jakob},
	Date-Added = {2020-09-24 11:32:32 +0200},
	Date-Modified = {2020-09-24 11:33:00 +0200},
	Publisher = {" O'Reilly Media, Inc."},
	Title = {This is service design doing: applying service design thinking in the real world},
	Year = {2018}}

@article{M_KIlde15,
	Author = {Andargoli, Amirhossein Eslami and Scheepers, Helana and Rajendran, Diana and Sohal, Amrik},
	Date-Added = {2020-09-24 11:32:27 +0200},
	Date-Modified = {2020-09-24 11:32:27 +0200},
	Journal = {International journal of medical informatics},
	Pages = {195--209},
	Publisher = {Elsevier},
	Title = {Health information systems evaluation frameworks: A systematic review},
	Volume = {97},
	Year = {2017}}

@article{M_Kilde14,
	Author = {Haux, Reinhold},
	Date-Added = {2020-09-24 11:32:22 +0200},
	Date-Modified = {2020-09-24 11:32:22 +0200},
	Journal = {International journal of medical informatics},
	Number = {3-4},
	Pages = {268--281},
	Publisher = {Elsevier},
	Title = {Health information systems--past, present, future},
	Volume = {75},
	Year = {2006}}

@article{M_Kilde13,
	Author = {Reeves, Leah M and Lai, Jennifer and Larson, James A and Oviatt, Sharon and Balaji, TS and Buisine, St{\'e}phanie and Collings, Penny and Cohen, Phil and Kraal, Ben and Martin, Jean-Claude and others},
	Date-Added = {2020-09-24 11:32:16 +0200},
	Date-Modified = {2020-09-24 11:32:16 +0200},
	Journal = {Communications of the ACM},
	Number = {1},
	Pages = {57--59},
	Publisher = {ACM New York, NY, USA},
	Title = {Guidelines for multimodal user interface design},
	Volume = {47},
	Year = {2004}}

@article{M_Kilde12,
	Author = {Turk, Matthew},
	Date-Added = {2020-09-24 11:32:10 +0200},
	Date-Modified = {2020-09-24 11:32:10 +0200},
	Journal = {Pattern Recognition Letters},
	Pages = {189--195},
	Publisher = {Elsevier},
	Title = {Multimodal interaction: A review},
	Volume = {36},
	Year = {2014}}

@webpage{M_Kilde11,
	Date-Added = {2020-09-24 11:31:28 +0200},
	Date-Modified = {2020-09-24 11:31:41 +0200},
	Lastchecked = {23. September 2020},
	Url = {https://www.interaction-design.org/literature/topics/ui-design}}

@webpage{M_Kilde10,
	Date-Added = {2020-09-24 11:30:53 +0200},
	Date-Modified = {2020-09-24 11:31:22 +0200},
	Lastchecked = {23. September 2020},
	Url = {https://datica.com/blog/what-is-a-health-information-system}}

@article{M_Kilde9,
	Author = {Panch, Trishan and Mattie, Heather and Celi, Leo},
	Date-Added = {2020-09-24 11:30:44 +0200},
	Date-Modified = {2020-09-24 11:30:44 +0200},
	Doi = {10.1038/s41746-019-0155-4},
	Journal = {npj Digital Medicine},
	Month = {12},
	Title = {The ``inconvenient truth'' about AI in healthcare},
	Volume = {2},
	Year = {2019},
	Bdsk-Url-1 = {https://doi.org/10.1038/s41746-019-0155-4}}

@article{M_Kilde8,
	Author = {H. {Demirkan}},
	Date-Added = {2020-09-24 11:29:57 +0200},
	Date-Modified = {2020-09-24 11:29:57 +0200},
	Journal = {IT Professional},
	Number = {5},
	Pages = {38-45},
	Title = {A Smart Healthcare Systems Framework},
	Volume = {15},
	Year = {2013}}

@webpage{M_Kilde7,
	Date-Added = {2020-09-24 11:28:39 +0200},
	Date-Modified = {2020-09-24 11:29:01 +0200},
	Lastchecked = {20. September 2020},
	Url = {https://ambulanseforum.no/artikler/na-far-de-sanntidsinformasjon-om-ambulansen}}

@webpage{M_Kilde6,
	Date-Added = {2020-09-24 11:28:01 +0200},
	Date-Modified = {2020-09-24 11:28:32 +0200},
	Lastchecked = {20. September 2020},
	Url = {https://www.aftenposten.no/tag/akson}}

@webpage{M_Kilde5,
	Date-Added = {2020-09-24 11:27:30 +0200},
	Date-Modified = {2020-09-24 11:27:50 +0200},
	Lastchecked = {20. September 2020},
	Url = {https://tjenester.helsenorge.no/}}

@webpage{M_Kilde4,
	Date-Added = {2020-09-24 11:27:05 +0200},
	Date-Modified = {2020-09-24 11:27:20 +0200},
	Lastchecked = {20. September 2020},
	Url = {https://www.digi.no/artikler/systemet-kalles-en-revolusjon-for-ambulansene-her-er-det-allerede-pa-plass/347947}}

@webpage{M_Kilde3,
	Date-Added = {2020-09-24 11:24:16 +0200},
	Date-Modified = {2020-09-24 11:24:28 +0200},
	Lastchecked = {20. September 2020},
	Url = {https://ehelse.no/strategi/akson#Arbeidet%20i%20forprosjektet}}

@webpage{M_Kilde2,
	Date-Added = {2020-09-24 11:23:29 +0200},
	Date-Modified = {2020-09-24 11:24:00 +0200},
	Lastchecked = {20. September 2020},
	Url = {https://www.ikt-norge.no/tema/e-helse/},
	Year = {2020}}

@webpage{M_Kilde1,
	Date-Added = {2020-09-24 11:22:03 +0200},
	Date-Modified = {2020-09-24 11:23:12 +0200},
	Lastchecked = {21. September 2020},
	Month = {September},
	Url = {https://oslo-universitetssykehus.no/avdelinger/prehospital-klinikk/prehospital-forskningsgruppe},
	Year = {2017}}
